:20:89866999 
:25:88888888/00000000012345 
:28C:00043/00001 
:60F:C010913EUR000000008642,64 
00000001  :61:0109150914DR000000000010,00N075NONREF//00000000
NU2.1?30BYLADEM0XX  :86:166?00SEPA-UMSATZ?100000001704?20EREF+E2E_REF_J
2?34000?60CRED  X?31DE14700500000000012345000678901234?32DEBTOR_JNU
ITOR_JNU2  
00220431  :61:0109140914DR000000000101,24N016NONREF//00000000
0105,00/?21/CHGS/EU  :86:209?00DEVISEN?100000025102?20/OCMT/USD000000000
R00000000005,00/?22AL-SCHECKZAHLUNG?23    220431 
:62F:C010915EUR000000008551,40 
-
